<?xml version="1.0" encoding="UTF-8"?><collection xmlns="http://www.loc.gov/MARC21/slim"><record><leader>00451nam--2200133-i-4500</leader><controlfield tag="001">000036078</controlfield><controlfield tag="002">20161230</controlfield><controlfield tag="005">20161230201040</controlfield><controlfield tag="008">060222s1000------------r-----000-0-eng-d</controlfield><datafield ind1=" " ind2=" " tag="080"><subfield code="a">51:53:54(078.1)</subfield></datafield><datafield ind1=" " ind2=" " tag="245"><subfield code="a">Probleme de matematica, fizica si chimie date la concursurilor de admitere in invatamintul superior in anii 1978-1979</subfield></datafield><datafield ind1=" " ind2=" " tag="260"><subfield code="a">Bucuresti, Ed.Didact.Si Pedagog., 1980, 183p</subfield></datafield><datafield ind1=" " ind2=" " tag="700"><subfield code="a">Olariu, V., Sabac, Gh., Stanasila, O</subfield></datafield><datafield ind1=" " ind2=" " tag="852"><subfield code="a">47838</subfield></datafield></record></collection>